@article{ali2016leveraged,
  title={Leveraged Neighborhood Restructuring in Cultural Algorithms for Solving Real-World Numerical Optimization Problems},
  author={Ali, Mostafa Z and Suganthan, Ponnuthurai N and Reynolds, Robert G and Al-Badarneh, Amer F},
  journal={IEEE transactions on evolutionary computation},
  volume={20},
  number={2},
  pages={218--231},
  year={2016},
  publisher={IEEE}
},
@inproceedings{de2009heterogeneous,
  title={Heterogeneous particle swarm optimizers},
  author={De Oca, Marco A Montes and Pe{\~n}a, Jorge and Stutzle, Thomas and Pinciroli, Carlo and Dorigo, Marco},
  booktitle={2009 IEEE Congress on Evolutionary Computation},
  pages={698--705},
  year={2009},
  organization={IEEE}
},
@article{chen2006tribe,
  title={Tribe-PSO: A novel global optimization algorithm and its application in molecular docking},
  author={Chen, Kai and Li, Tonghua and Cao, Tongcheng},
  journal={Chemometrics and intelligent laboratory systems},
  volume={82},
  number={1},
  pages={248--259},
  year={2006},
  publisher={Elsevier}
},
@inproceedings{ali2012socio,
  title={Socio-cultural evolution via neighborhood-restructuring in intricate multi-layered networks},
  author={Ali, Mostafa Z and Salhieh, Ayad M and Reynolds, Robert G},
  booktitle={2012 IEEE Congress on Evolutionary Computation},
  pages={1--8},
  year={2012},
  organization={IEEE}
},
@inproceedings{ali2011boosting,
  title={Boosting cultural algorithms with an incongruous layered social fabric influence function},
  author={Ali, Mostafa Z and Salhieh, Ayad and Snanieh, Randa T Abu and Reynolds, Robert G},
  booktitle={2011 IEEE Congress of Evolutionary Computation (CEC)},
  pages={1225--1232},
  year={2011},
  organization={IEEE}
},
@article{wolpert1997no,
  title={No free lunch theorems for optimization},
  author={Wolpert, David H and Macready, William G},
  journal={IEEE transactions on evolutionary computation},
  volume={1},
  number={1},
  pages={67--82},
  year={1997},
  publisher={IEEE}
},
@inproceedings{reynolds1994introduction,
  title={An introduction to cultural algorithms},
  author={Reynolds, Robert G},
  booktitle={Proceedings of the third annual conference on evolutionary programming},
  volume={131139},
  year={1994},
  organization={Singapore}
},
@Inbook{RaeesiN.2014,
author="Raeesi N., Mohammad R.
and Kobti, Ziad",
editor="Sokolova, Marina
and van Beek, Peter",
title="Heterogeneous Multi-Population Cultural Algorithm with a Dynamic Dimension Decomposition Strategy",
bookTitle="Advances in Artificial Intelligence: 27th Canadian Conference on Artificial Intelligence, Canadian AI 2014, Montr{\'e}al, QC, Canada, May 6-9, 2014. Proceedings",
year="2014",
publisher="Springer International Publishing",
address="Cham",
pages="345--350",
isbn="978-3-319-06483-3"
},
@article{reynolds2008computing,
  title={Computing with the social fabric: The evolution of social intelligence within a cultural framework},
  author={Reynolds, Robert G and Ali, Mostafa},
  journal={IEEE computational intelligence magazine},
  volume={3},
  number={1},
  pages={18--30},
  year={2008},
  publisher={IEEE}
},
@inproceedings{che2010robust,
  title={Robust evolution optimization at the edge of chaos: Commercialization of culture algorithms},
  author={Che, Xiangdong and Ali, Mostafa and Reynolds, Robert G},
  booktitle={IEEE Congress on Evolutionary Computation},
  pages={1--8},
  year={2010},
  organization={IEEE}
},
@inproceedings{reynolds2008social,
  title={The social fabric approach as an approach to knowledge integration in Cultural Algorithms},
  author={Reynolds, Robert G and Ali, Mostafa Z},
  booktitle={2008 IEEE Congress on Evolutionary Computation (IEEE World Congress on Computational Intelligence)},
  pages={4200--4207},
  year={2008},
  organization={IEEE}
},
@phdthesis{mendes2004population,
  title={Population topologies and their influence in particle swarm performance},
  author={Mendes, Rui},
  year={2004},
  school={Citeseer}
},
@incollection{kennedy2011particle,
  title={Particle swarm optimization},
  author={Kennedy, James},
  booktitle={Encyclopedia of machine learning},
  pages={760--766},
  year={2011},
  publisher={Springer}
},
@article{king2008embedding,
  title={Embedding a social fabric component into cultural algorithms toolkit for an enhanced knowledge-driven engineering optimization},
  author={King, Irwin and Li, Yangmin and Duan, Haibin and Reynolds, Robert and Ali, Mostafa},
  journal={International Journal of Intelligent Computing and Cybernetics},
  volume={1},
  number={4},
  pages={563--597},
  year={2008},
  publisher={Emerald Group Publishing Limited}
},
@techreport{sterling2004aggregation,
  title={Aggregation techniques to characterize social networks},
  author={Sterling, Sara E},
  year={2004},
  institution={DTIC Document}
},
@inproceedings{bratton2007defining,
  title={Defining a standard for particle swarm optimization},
  author={Bratton, Daniel and Kennedy, James},
  booktitle={2007 IEEE swarm intelligence symposium},
  pages={120--127},
  year={2007},
  organization={IEEE}
},
@book{kennedy2001swarm,
  title={Swarm intelligence},
  author={Kennedy, James and Kennedy, James F and Eberhart, Russell C and Shi, Yuhui},
  year={2001},
  publisher={Morgan Kaufmann}
},
@article{proakis1985probability,
  title={Probability, random variables and stochastic processes},
  author={Proakis, J},
  journal={IEEE Transactions on Acoustics, Speech, and Signal Processing},
  volume={33},
  number={6},
  pages={1637--1637},
  year={1985},
  publisher={IEEE}
},
@inproceedings{kobti2013heterogeneous,
  title={Heterogeneous Multi-Population Cultural Algorithm},
  author={Kobti, Ziad and others},
  booktitle={2013 IEEE Congress on Evolutionary Computation},
  pages={292--299},
  year={2013},
  organization={IEEE}
},
@techreport{chen2014problem,
  title={Problem definitions and evaluation criteria for CEC 2015 special session on bound constrained single-objective computationally expensive numerical optimization},
  author={Chen, Q and Liu, B and Zhang, Q and Liang, JJ and Suganthan, PN and Qu, BY},
  year={2014},
  institution={Technical Report, Computational Intelligence Laboratory, Zhengzhou University, Zhengzhou}
}
